<?xml version="1.0" encoding="UTF-8"?><collection xmlns="http://www.loc.gov/MARC21/slim"><record><leader>00602nam--2200193-i-4500</leader><controlfield tag="001">000017157</controlfield><controlfield tag="002">20161230</controlfield><controlfield tag="005">20161230201032</controlfield><controlfield tag="008">060222s1000------------r-----000-0-rum-d</controlfield><datafield ind1=" " ind2=" " tag="040"><subfield code="a">IFIN-HH</subfield></datafield><datafield ind1=" " ind2=" " tag="041"><subfield code="a">rum</subfield></datafield><datafield ind1=" " ind2=" " tag="080"><subfield code="a">539.163(063)</subfield></datafield><datafield ind1="1" ind2=" " tag="100"><subfield code="a">Mocsy, Ildiko</subfield></datafield><datafield ind1="1" ind2="0" tag="245"><subfield code="a">Evaluarea dozei gama absorbita in aer, datorata radioactivitatii naturale si artificiale a solului</subfield><subfield code="b">Teza</subfield><subfield code="c">Ildiko mocsy</subfield></datafield><datafield ind1=" " ind2=" " tag="260"><subfield code="a">Bucuresti</subfield><subfield code="b">Institutul De Fizica Atomica</subfield><subfield code="c">1994</subfield></datafield><datafield ind1=" " ind2=" " tag="300"><subfield code="a">163 P</subfield></datafield><datafield ind1=" " ind2=" " tag="500"><subfield code="a">Conducator Stiintific: Prof.Dr. Mircea Oncescu</subfield></datafield><datafield ind1=" " ind2=" " tag="852"><subfield code="a">80120</subfield><subfield code="c">539.16</subfield></datafield><datafield ind1=" " ind2=" " tag="CAT"><subfield code="a">Sys</subfield><subfield code="c">20120516</subfield><subfield code="h">091609</subfield></datafield></record></collection>